<?xml version="1.0" encoding="UTF-8"?>
  <record xmlns="http://www.loc.gov/MARC21/slim" type="Authority">
    <leader>00000nz  a2200000nc 4500</leader>
    <controlfield tag="001">119117304</controlfield>
    <controlfield tag="003">DE-101</controlfield>
    <controlfield tag="005">20200924114534.0</controlfield>
    <controlfield tag="008">930917n||azznnaabn           | aaa    |c</controlfield>
    <datafield tag="024" ind1="7" ind2=" ">
      <subfield code="a">119117304</subfield>
      <subfield code="0">http://d-nb.info/gnd/119117304</subfield>
      <subfield code="2">gnd</subfield>
    </datafield>
    <datafield tag="035" ind1=" " ind2=" ">
      <subfield code="a">(DE-101)119117304</subfield>
    </datafield>
    <datafield tag="035" ind1=" " ind2=" ">
      <subfield code="a">(DE-588)119117304</subfield>
    </datafield>
    <datafield tag="035" ind1=" " ind2=" ">
      <subfield code="z">(DE-588)160670934</subfield>
    </datafield>
    <datafield tag="035" ind1=" " ind2=" ">
      <subfield code="z">(DE-588a)160670934</subfield>
      <subfield code="9">v:zg</subfield>
    </datafield>
    <datafield tag="035" ind1=" " ind2=" ">
      <subfield code="z">(DE-588)153582898</subfield>
    </datafield>
    <datafield tag="035" ind1=" " ind2=" ">
      <subfield code="z">(DE-588a)153582898</subfield>
      <subfield code="9">v:zg</subfield>
    </datafield>
    <datafield tag="035" ind1=" " ind2=" ">
      <subfield code="z">(DE-588)119670453</subfield>
    </datafield>
    <datafield tag="035" ind1=" " ind2=" ">
      <subfield code="z">(DE-588a)119670453</subfield>
      <subfield code="9">v:zg</subfield>
    </datafield>
    <datafield tag="035" ind1=" " ind2=" ">
      <subfield code="z">(DE-588a)119117304</subfield>
      <subfield code="9">v:zg</subfield>
    </datafield>
    <datafield tag="035" ind1=" " ind2=" ">
      <subfield code="z">(DE-588c)4322918-9</subfield>
      <subfield code="9">v:zg</subfield>
    </datafield>
    <datafield tag="040" ind1=" " ind2=" ">
      <subfield code="a">DE-101</subfield>
      <subfield code="c">DE-101</subfield>
      <subfield code="9">r:DE-101</subfield>
      <subfield code="b">ger</subfield>
      <subfield code="d">0012</subfield>
    </datafield>
    <datafield tag="042" ind1=" " ind2=" ">
      <subfield code="a">gnd1</subfield>
    </datafield>
    <datafield tag="043" ind1=" " ind2=" ">
      <subfield code="c">XA-AT</subfield>
      <subfield code="c">XA-CZ</subfield>
    </datafield>
    <datafield tag="065" ind1=" " ind2=" ">
      <subfield code="a">16.5p</subfield>
      <subfield code="2">sswd</subfield>
    </datafield>
    <datafield tag="075" ind1=" " ind2=" ">
      <subfield code="b">p</subfield>
      <subfield code="2">gndgen</subfield>
    </datafield>
    <datafield tag="075" ind1=" " ind2=" ">
      <subfield code="b">piz</subfield>
      <subfield code="2">gndspec</subfield>
    </datafield>
    <datafield tag="079" ind1=" " ind2=" ">
      <subfield code="a">g</subfield>
      <subfield code="q">a</subfield>
      <subfield code="q">f</subfield>
      <subfield code="q">s</subfield>
      <subfield code="q">t</subfield>
      <subfield code="u">v</subfield>
      <subfield code="u">w</subfield>
    </datafield>
    <datafield tag="100" ind1="0" ind2=" ">
      <subfield code="a">Ferdinand</subfield>
      <subfield code="c">Österreich, Erzherzog, 1529-1595</subfield>
      <subfield code="d">1529-1595</subfield>
    </datafield>
    <datafield tag="375" ind1=" " ind2=" ">
      <subfield code="a">1</subfield>
      <subfield code="2">iso5218</subfield>
    </datafield>
    <datafield tag="400" ind1="0" ind2=" ">
      <subfield code="a">Ferdinand</subfield>
      <subfield code="b">II.</subfield>
      <subfield code="c">Österreich, Erzherzog</subfield>
      <subfield code="d">1529-1595</subfield>
    </datafield>
    <datafield tag="400" ind1="0" ind2=" ">
      <subfield code="a">Ferdinand</subfield>
      <subfield code="b">II.</subfield>
      <subfield code="c">Tirol, Erzherzog</subfield>
      <subfield code="d">1529-1595</subfield>
    </datafield>
    <datafield tag="400" ind1="0" ind2=" ">
      <subfield code="a">Ferdinand</subfield>
      <subfield code="c">Tirol, Erzherzog</subfield>
      <subfield code="d">1529-1595</subfield>
    </datafield>
    <datafield tag="400" ind1="0" ind2=" ">
      <subfield code="a">Ferdinand</subfield>
      <subfield code="b">II.</subfield>
      <subfield code="c">Tirol, Statthalter</subfield>
      <subfield code="d">1529-1595</subfield>
    </datafield>
    <datafield tag="400" ind1="0" ind2=" ">
      <subfield code="a">Ferdinand</subfield>
      <subfield code="b">II.</subfield>
      <subfield code="d">1529-1595</subfield>
    </datafield>
    <datafield tag="400" ind1="1" ind2=" ">
      <subfield code="a">Tyrolský, Ferdinand</subfield>
      <subfield code="d">1529-1595</subfield>
    </datafield>
    <datafield tag="400" ind1="0" ind2=" ">
      <subfield code="a">Ferdinand Tyrolský</subfield>
      <subfield code="d">1529-1595</subfield>
    </datafield>
    <datafield tag="400" ind1="0" ind2=" ">
      <subfield code="a">Ferdinand</subfield>
      <subfield code="b">II</subfield>
      <subfield code="c">Erzherzog von Österreich</subfield>
      <subfield code="d">1529-1595</subfield>
    </datafield>
    <datafield tag="400" ind1="0" ind2=" ">
      <subfield code="9">L:fre</subfield>
      <subfield code="a">Ferdinand</subfield>
      <subfield code="b">II</subfield>
      <subfield code="c">Archiduc d'Autriche</subfield>
      <subfield code="d">1529-1595</subfield>
      <subfield code="5">CH-GND</subfield>
    </datafield>
    <datafield tag="400" ind1="0" ind2=" ">
      <subfield code="9">L:eng</subfield>
      <subfield code="a">Ferdinand</subfield>
      <subfield code="b">II</subfield>
      <subfield code="c">Archduke of Austria</subfield>
      <subfield code="d">1529-1595</subfield>
      <subfield code="5">CH-GND</subfield>
    </datafield>
    <datafield tag="400" ind1="0" ind2=" ">
      <subfield code="a">Ferdinand</subfield>
      <subfield code="b">II</subfield>
      <subfield code="c">Archiduc de Tyrol</subfield>
      <subfield code="d">1529-1595</subfield>
    </datafield>
    <datafield tag="400" ind1="0" ind2=" ">
      <subfield code="a">Ferdinand</subfield>
      <subfield code="b">II</subfield>
      <subfield code="c">Archduke of Tirol</subfield>
      <subfield code="d">1529-1595</subfield>
    </datafield>
    <datafield tag="400" ind1="0" ind2=" ">
      <subfield code="a">Ferdinando</subfield>
      <subfield code="c">d'Asburgo, Erzherzog, 2, Oesterreich</subfield>
      <subfield code="d">1529-1595</subfield>
    </datafield>
    <datafield tag="400" ind1="0" ind2=" ">
      <subfield code="a">Ferdinando</subfield>
      <subfield code="c">d'Asburgo, Archiduc, 2, Autriche</subfield>
      <subfield code="d">1529-1595</subfield>
    </datafield>
    <datafield tag="400" ind1="0" ind2=" ">
      <subfield code="a">Ferdinando</subfield>
      <subfield code="c">d'Asburgo, Archduke, 2, Austria</subfield>
      <subfield code="d">1529-1595</subfield>
    </datafield>
    <datafield tag="400" ind1="0" ind2=" ">
      <subfield code="a">Ferdinand</subfield>
      <subfield code="b">2</subfield>
      <subfield code="c">Österreich, Erzherzog</subfield>
      <subfield code="d">1529-1595</subfield>
    </datafield>
    <datafield tag="400" ind1="0" ind2=" ">
      <subfield code="a">Ferdinand</subfield>
      <subfield code="b">II</subfield>
      <subfield code="c">Erzherzog von Tirol</subfield>
      <subfield code="d">1529-1595</subfield>
    </datafield>
    <datafield tag="400" ind1="0" ind2=" ">
      <subfield code="a">Ferdinand</subfield>
      <subfield code="c">Erzherzog von Österreich</subfield>
      <subfield code="d">1529-1595</subfield>
    </datafield>
    <datafield tag="400" ind1="0" ind2=" ">
      <subfield code="a">Ferdinand</subfield>
      <subfield code="c">Erzherzog von Tirol</subfield>
      <subfield code="d">1529-1595</subfield>
    </datafield>
    <datafield tag="400" ind1="0" ind2=" ">
      <subfield code="a">Ferdinand</subfield>
      <subfield code="b">II.</subfield>
      <subfield code="c">Erzherzog von Österreich</subfield>
      <subfield code="d">1529-1595</subfield>
      <subfield code="9">v:(VD-16)</subfield>
    </datafield>
    <datafield tag="500" ind1="0" ind2=" ">
      <subfield code="0">(DE-101)118532502</subfield>
      <subfield code="0">(DE-588)118532502</subfield>
      <subfield code="0">https://d-nb.info/gnd/118532502</subfield>
      <subfield code="a">Ferdinand</subfield>
      <subfield code="b">I.</subfield>
      <subfield code="c">Heiliges Römisches Reich, Kaiser</subfield>
      <subfield code="d">1503-1564</subfield>
      <subfield code="4">bezf</subfield>
      <subfield code="4">https://d-nb.info/standards/elementset/gnd#familialRelationship</subfield>
      <subfield code="w">r</subfield>
      <subfield code="i">Beziehung familiaer</subfield>
      <subfield code="e">Beziehung familiaer</subfield>
      <subfield code="9">v:Vater</subfield>
    </datafield>
    <datafield tag="500" ind1="1" ind2=" ">
      <subfield code="0">(DE-101)118766686</subfield>
      <subfield code="0">(DE-588)118766686</subfield>
      <subfield code="0">https://d-nb.info/gnd/118766686</subfield>
      <subfield code="a">Welser, Philippine</subfield>
      <subfield code="d">1527-1580</subfield>
      <subfield code="4">bezf</subfield>
      <subfield code="4">https://d-nb.info/standards/elementset/gnd#familialRelationship</subfield>
      <subfield code="w">r</subfield>
      <subfield code="i">Beziehung familiaer</subfield>
      <subfield code="e">Beziehung familiaer</subfield>
      <subfield code="9">v:1. Ehefrau 1557-1580</subfield>
    </datafield>
    <datafield tag="500" ind1="0" ind2=" ">
      <subfield code="0">(DE-101)115527036</subfield>
      <subfield code="0">(DE-588)115527036</subfield>
      <subfield code="0">https://d-nb.info/gnd/115527036</subfield>
      <subfield code="a">Anna Katharina</subfield>
      <subfield code="c">Österreich, Erzherzogin</subfield>
      <subfield code="d">1566-1621</subfield>
      <subfield code="4">bezf</subfield>
      <subfield code="4">https://d-nb.info/standards/elementset/gnd#familialRelationship</subfield>
      <subfield code="w">r</subfield>
      <subfield code="i">Beziehung familiaer</subfield>
      <subfield code="e">Beziehung familiaer</subfield>
      <subfield code="9">v:2. Ehefrau ab 1582</subfield>
    </datafield>
    <datafield tag="500" ind1="0" ind2=" ">
      <subfield code="0">(DE-101)115862625</subfield>
      <subfield code="0">(DE-588)115862625</subfield>
      <subfield code="0">https://d-nb.info/gnd/115862625</subfield>
      <subfield code="a">Anna</subfield>
      <subfield code="c">Heiliges Römisches Reich, Kaiserin, 1585-1618</subfield>
      <subfield code="d">1585-1618</subfield>
      <subfield code="4">bezf</subfield>
      <subfield code="4">https://d-nb.info/standards/elementset/gnd#familialRelationship</subfield>
      <subfield code="w">r</subfield>
      <subfield code="i">Beziehung familiaer</subfield>
      <subfield code="e">Beziehung familiaer</subfield>
      <subfield code="9">v:Tochter aus 2. Ehe</subfield>
    </datafield>
    <datafield tag="500" ind1="0" ind2=" ">
      <subfield code="0">(DE-101)119263580</subfield>
      <subfield code="0">(DE-588)119263580</subfield>
      <subfield code="0">https://d-nb.info/gnd/119263580</subfield>
      <subfield code="a">Andreas</subfield>
      <subfield code="c">von Österreich</subfield>
      <subfield code="d">1558-1600</subfield>
      <subfield code="4">bezf</subfield>
      <subfield code="4">https://d-nb.info/standards/elementset/gnd#familialRelationship</subfield>
      <subfield code="w">r</subfield>
      <subfield code="i">Beziehung familiaer</subfield>
      <subfield code="e">Beziehung familiaer</subfield>
      <subfield code="9">v:Sohn aus 1. Ehe</subfield>
    </datafield>
    <datafield tag="500" ind1="0" ind2=" ">
      <subfield code="0">(DE-101)129216038</subfield>
      <subfield code="0">(DE-588)129216038</subfield>
      <subfield code="0">https://d-nb.info/gnd/129216038</subfield>
      <subfield code="a">Karl</subfield>
      <subfield code="c">Burgau, Markgraf</subfield>
      <subfield code="d">1560-1618</subfield>
      <subfield code="4">bezf</subfield>
      <subfield code="4">https://d-nb.info/standards/elementset/gnd#familialRelationship</subfield>
      <subfield code="w">r</subfield>
      <subfield code="i">Beziehung familiaer</subfield>
      <subfield code="e">Beziehung familiaer</subfield>
      <subfield code="9">v:Sohn aus 1. Ehe</subfield>
    </datafield>
    <datafield tag="548" ind1=" " ind2=" ">
      <subfield code="a">1529-1595</subfield>
      <subfield code="4">datl</subfield>
      <subfield code="4">https://d-nb.info/standards/elementset/gnd#dateOfBirthAndDeath</subfield>
      <subfield code="w">r</subfield>
      <subfield code="i">Lebensdaten</subfield>
    </datafield>
    <datafield tag="550" ind1=" " ind2=" ">
      <subfield code="0">(DE-101)042771838</subfield>
      <subfield code="0">(DE-588)4277183-3</subfield>
      <subfield code="0">https://d-nb.info/gnd/4277183-3</subfield>
      <subfield code="a">Erzherzog</subfield>
      <subfield code="4">adel</subfield>
      <subfield code="4">https://d-nb.info/standards/elementset/gnd#titleOfNobility</subfield>
      <subfield code="w">r</subfield>
      <subfield code="i">Adelstitel</subfield>
    </datafield>
    <datafield tag="551" ind1=" " ind2=" ">
      <subfield code="0">(DE-101)040742555</subfield>
      <subfield code="0">(DE-588)4074255-6</subfield>
      <subfield code="0">https://d-nb.info/gnd/4074255-6</subfield>
      <subfield code="a">Linz</subfield>
      <subfield code="4">ortg</subfield>
      <subfield code="4">https://d-nb.info/standards/elementset/gnd#placeOfBirth</subfield>
      <subfield code="w">r</subfield>
      <subfield code="i">Geburtsort</subfield>
    </datafield>
    <datafield tag="551" ind1=" " ind2=" ">
      <subfield code="0">(DE-101)040270963</subfield>
      <subfield code="0">(DE-588)4027096-8</subfield>
      <subfield code="0">https://d-nb.info/gnd/4027096-8</subfield>
      <subfield code="a">Innsbruck</subfield>
      <subfield code="4">orts</subfield>
      <subfield code="4">https://d-nb.info/standards/elementset/gnd#placeOfDeath</subfield>
      <subfield code="w">r</subfield>
      <subfield code="i">Sterbeort</subfield>
    </datafield>
    <datafield tag="667" ind1=" " ind2=" ">
      <subfield code="a">12</subfield>
    </datafield>
    <datafield tag="667" ind1=" " ind2=" ">
      <subfield code="a">7</subfield>
    </datafield>
    <datafield tag="667" ind1=" " ind2=" ">
      <subfield code="a">VD-16</subfield>
    </datafield>
    <datafield tag="667" ind1=" " ind2=" ">
      <subfield code="a">VD-17</subfield>
    </datafield>
    <datafield tag="667" ind1=" " ind2=" ">
      <subfield code="a">Maschinell verknuepft mit DBL-Retro-Titeldaten</subfield>
    </datafield>
    <datafield tag="667" ind1=" " ind2=" ">
      <subfield code="a">Quelle: DNB-Normdaten (Info DNB: Land Österreich (XA-AT) Weitere Angaben Sohn Kaiser Ferdinands I.; verheiratet in 1. Ehe mit Philippine Welser, in 2. Ehe mit Anna Katharina, Tochter des Wilhelm Gonzaga, Herzog von Mantua)</subfield>
    </datafield>
    <datafield tag="670" ind1=" " ind2=" ">
      <subfield code="a">LCAuth</subfield>
    </datafield>
    <datafield tag="670" ind1=" " ind2=" ">
      <subfield code="a">Wikipedia</subfield>
      <subfield code="u">https://de.wikipedia.org/wiki/Ferdinand_II._(Tirol)</subfield>
    </datafield>
    <datafield tag="670" ind1=" " ind2=" ">
      <subfield code="a">Des Verfassers Speculum vitae humanae, 1889</subfield>
    </datafield>
    <datafield tag="672" ind1=" " ind2="0">
      <subfield code="a">Ferdinand II., Erzherzog von Österreich: Ein Schöne Comoedi Speculum Vitae Humanae Auff Teutsch Ein Spiegel des Menschlichen ...  1584.  (VD16 ZV 5790)</subfield>
    </datafield>
    <datafield tag="672" ind1=" " ind2="0">
      <subfield code="a">Schrenck von Notzing, Jacob: Der Kayser, Könige, Ertzhertzogen, Fürsten, Grafen, Herren*. - 1601</subfield>
    </datafield>
    <datafield tag="672" ind1=" " ind2="0">
      <subfield code="a">Erzherzogen Ferdinandens zu Österreich neu verfaste Zehent-Ordnung im Fürstenthum Steyr. - 1605</subfield>
    </datafield>
    <datafield tag="678" ind1=" " ind2=" ">
      <subfield code="b">Sohn Kaiser Ferdinands I.; verheiratet in 1. Ehe mit Philippine Welser, in 2. Ehe mit Anna Katharina, Tochter des Wilhelm Gonzaga, Herzog von Mantua; Erzherzog von Österreich; Verwalter Böhmens</subfield>
    </datafield>
    <datafield tag="913" ind1=" " ind2=" ">
      <subfield code="S">pnd</subfield>
      <subfield code="i">5</subfield>
      <subfield code="a">Ferdinand &lt;Österreich, Erzherzog, 1529-1595&gt;</subfield>
      <subfield code="0">(DE-588a)119117304</subfield>
    </datafield>
    <datafield tag="913" ind1=" " ind2=" ">
      <subfield code="S">pnd</subfield>
      <subfield code="i">a</subfield>
      <subfield code="a">Ferdinand II., Erzherzog von Österreich</subfield>
      <subfield code="0">(DE-588a)119670453</subfield>
    </datafield>
    <datafield tag="913" ind1=" " ind2=" ">
      <subfield code="S">pnd</subfield>
      <subfield code="i">5</subfield>
      <subfield code="a">Ferdinand &lt;Österreich, Erzherzog&gt;</subfield>
      <subfield code="0">(DE-588a)153582898</subfield>
    </datafield>
    <datafield tag="913" ind1=" " ind2=" ">
      <subfield code="S">pnd</subfield>
      <subfield code="i">5</subfield>
      <subfield code="a">Ferdinand &lt;Tirol, Erzherzog, II.&gt;</subfield>
      <subfield code="0">(DE-588a)160670934</subfield>
    </datafield>
  </record>
